@article{1,
  author    = {A. N. Hidayat and B. T. Hanggara and B. S. Prakoso},
  title     = {Analisis Perbandingan Pengalaman Pengguna Pada Aplikasi Dompet Digital (Studi Kasus Pada OVO dan DANA)},
  journal   = {Teknol. Inf. dan Ilmu Komputer},
  volume    = {5},
  number    = {6},
  pages     = {2181--2187},
  year      = {2021}
}

@article{2,
  author    = {F. D. N. Annisa and J. N. U. Jaya and S. Surmiati},
  title     = {Evaluasi Pengalaman Pengguna Pada Aplikasi E-Wallet OVO dan GOPAY Dengan Metode User Experience Questionnaire},
  journal   = {J. Inf. Syst. Res.},
  volume    = {3},
  number    = {3},
  pages     = {242--251},
  year      = {2022},
  doi       = {10.47065/josh.v3i3.1527}
}

@article{3,
  author    = {F. A. Muhammad and A. P. Kharisma and R. S. Sianturi},
  title     = {Perancangan User Experience Aplikasi Konsultasi Kesehatan Mental Online di Masa Pandemi berbasis Mobile menggunakan Metode Design Thinking},
  journal   = {J. Pengemb. Teknol. Inf. dan Ilmu Komput.},
  volume    = {6},
  number    = {7},
  pages     = {3111--3121},
  year      = {2022},
  note      = {[Online]. Available: http://j-ptiik.ub.ac.id}
}

@article{4,
  author    = {W. Kusnawati and R. I. Rokhmawati and A. Rachmadi},
  title     = {Analisis Pengalaman Pengguna pada Website E-Commerce (Studi pada klikindomaret.com dan alfacart.com)},
  journal   = {J. Pengemb. Teknol. Inf. dan Ilmu Komputer},
  volume    = {2},
  number    = {9},
  pages     = {3287--3292},
  year      = {2018},
  note      = {[Online]. Available: http://j-ptiik.ub.ac.id/index.php/j-ptiik/article/view/2244}
}

@article{5,
  author    = {F. F. Alawiyah and D. S. Canta},
  title     = {Evaluasi Pengalaman Pengguna Pada Aplikasi Shopee Menggunakan Metode User Experience Questionnaire (UEQ)},
  journal   = {J. Inf. Syst. Res.},
  volume    = {3},
  number    = {4},
  pages     = {344--350},
  year      = {2022},
  doi       = {10.47065/josh.v3i4.1574}
}

@article{6,
  author    = {A. Noor and E. L. Hadisaputro},
  title     = {Analisis Pengalaman Pengguna Pada Aplikasi TIX ID Menggunakan Metode User Experience Questionnaire},
  journal   = {J. Inf. Syst. Res.},
  volume    = {3},
  number    = {4},
  pages     = {672--677},
  year      = {2022},
  doi       = {10.47065/josh.v3i4.1881}
}

@article{7,
  author    = {I. P. Permatahati and A. R. A. Djamaris},
  title     = {Perbandingan Loyalitas Pelanggan Pengguna Top 5 Aplikasi Dompet Digital (Shopee Pay, OVO, DANA, Go-Pay, dan Link Aja)},
  journal   = {J. Entrep. Manag. Ind.},
  volume    = {4},
  number    = {2},
  pages     = {65--74},
  year      = {2021},
  doi       = {10.36782/jemi.v4i2.2200}
}

@article{8,
  author    = {Diana Khuntari},
  title     = {Analisis Pengalaman Pengguna Aplikasi Gojek dan Grab dengan Pendekatan User Experience Questionnaire},
  journal   = {J. Tek. Inform. dan Sist. Inf.},
  volume    = {8},
  number    = {April},
  pages     = {275--286},
  year      = {2022}
}

@article{9,
  author    = {T. J. Maulani and S. Suprapto and A. R. Perdanakusuma},
  title     = {Evaluasi User Experience Menggunakan Metode Usability Testing dan User Experience Questionnaire (UEQ) (Studi Kasus: Website Superprof.co.id dan Zonaprivat.com)},
  journal   = {J. Pengemb. Teknol. Inf. dan Ilmu Komput.},
  volume    = {5},
  number    = {6},
  pages     = {2639--2645},
  year      = {2021},
  note      = {[Online]. Available: https://j-ptiik.ub.ac.id/index.php/j-ptiik/article/view/9384}
}

@article{10,
  author    = {N. A. Ningtyas and A. Meiriza},
  title     = {Penerapan Metode System Usability Scale Dalam Mengevaluasi User Experience Aplikasi DANA},
  journal   = {JURIKOM (Jurnal Ris. Komputer)},
  volume    = {10},
  number    = {2},
  pages     = {667},
  year      = {2023},
  doi       = {10.30865/jurikom.v10i2.6083}
}

@article{11,
  author    = {Adawiyah, R. and Oktadini, N. R.},
  title     = {Analisis Komparasi User Experience Pada Aplikasi OVO dan DANA dengan Metode User Experience Questionnaire},
  journal   = {Journal of Information System Research (JOSH)},
  volume    = {5},
  number    = {3},
  pages     = {829--840},
  year      = {2024}
}

@article{12,
  author    = {Sa’adah, P. and Wibowo, G. W. N. and Kusumodestoni, R. H.},
  title     = {Analisis Kegunaan Aplikasi GoPay Berdasarkan Metode System Usability Scale},
  journal   = {Jurnal Minfo Polgan},
  volume    = {13},
  number    = {1},
  pages     = {533--542},
  year      = {2024}
}

@article{13,
  author    = {Sa’adah, P. and Wibowo, G. W. N. and Kusumodestoni, R. H.},
  title     = {Analisis Kegunaan Aplikasi GoPay Berdasarkan Metode System Usability Scale},
  journal   = {Jurnal Minfo Polgan},
  volume    = {13},
  number    = {1},
  pages     = {533--542},
  year      = {2024}
}

@article{14,
  author    = {Adam, S. and Pernando, Y.},
  title     = {Analisis Usability dan Aksesibilitas Desain UI/UX Aplikasi HIMAKOM Universitas Universal Menggunakan System Usability},
  journal   = {KLIK: Kajian Ilmiah Informatika dan Komputer},
  volume    = {4},
  number    = {5},
  pages     = {2389--2397},
  year      = {2024}
}

@article{15,
  author    = {Rachmadi, R. J.},
  title     = {Evaluasi User Experience Aplikasi Coop Access Dengan Menggunakan Metode User Experience Questionnaire},
  journal   = {Jurnal Manuhara: Pusat Penelitian Ilmu Manajemen dan Bisnis},
  volume    = {2},
  number    = {2},
  pages     = {118--128},
  year      = {2024}
}

@inproceedings{16,
  author    = {Andhika, M. D. and Nugraheni, D. M. K. and Aryotejo, G.},
  title     = {The use of user centered design method on DANA application and OVO for evaluation and design},
  booktitle = {AIP Conference Proceedings},
  volume    = {3165},
  number    = {1},
  year      = {2024},
  publisher = {AIP Publishing}
}

@inproceedings{17,
  author    = {Sofianti, D. and Hamzah, M. L. and Muttakin, F. and Jazman, M.},
  title     = {Evaluation Usability of Digital Wallet Applications Using User Experience Questionnaire (UEQ) Method and Heuristic Evaluation (HE)},
  booktitle = {Interdisciplinary Research in Technology and Management},
  pages     = {510--519},
  year      = {2023},
  publisher = {CRC Press}
}

@inproceedings{18,
  author    = {Panyawanich, K. and Maguire, M. and Pradel, P.},
  title     = {An Analysis of Survey Results on the User Interface Experiences of E-wallet Services},
  booktitle = {International Conference on Human-Computer Interaction},
  pages     = {271--292},
  year      = {2023},
  publisher = {Springer Nature Switzerland},
  address   = {Cham}
}
