@online{1,
  author    = {V. Gupta},
  title     = {Understanding REST API: The Building Block of Modern Web Development},
  year      = {2023},
  journal   = {LinkedIn Pulse},
  url       = {https://www.linkedin.com/pulse/understanding-rest-api-building-block-modern-web-development-v-g}
}

@online{2,
  author    = {{GraphQL Foundation}},
  title     = {Introduction to GraphQL},
  year      = {n.d.},
  url       = {https://graphql.org/learn}
}

@article{3,
  author    = {A. T. Firdausi and D. S. Hormansyah and F. Ervansyah},
  title     = {Implementasi GraphQL untuk Mengatasi Under-fetching pada Pengembangan Sistem Informasi Pelacakan Alumni Politeknik Negeri Malang},
  journal   = {Jurnal Informatika Polinema},
  volume    = {12},
  number    = {2},
  pages     = {73--80},
  year      = {2021}
}

@inproceedings{4,
  author    = {A. Belhadi and M. Zhang and A. Arcuri},
  title     = {Evolutionary-based automated testing for GraphQL APIs},
  booktitle = {Proceedings of the ACM on Software Engineering},
  year      = {2022},
  doi       = {10.1145/3520304.3528952}
}

@article{5,
  author    = {D. A. Hartina and A. Lawi and B. L. E. Panggabean},
  title     = {Analisis Performa GraphQL dan RESTful pada SIM LP2M Universitas Hasanuddin},
  journal   = {Jurnal Sistem Informasi Universitas Hasanuddin},
  volume    = {15},
  number    = {3},
  year      = {2018}
}

@article{6,
  author    = {W. K. Prasojo},
  title     = {Analisis Perbandingan Performa Framework Express dan Hapi pada Web Service Menggunakan Apache JMeter},
  journal   = {Jurnal Sistem Informasi Universitas Amikom},
  year      = {2021},
  url       = {https://eprints.amikom.ac.id/id/eprint/1276/}
}

@misc{7,
  author    = {M. A. Dhika},
  title     = {Evaluasi Performa Arsitektur GraphQL dan REST pada Gim},
  year      = {2024},
  howpublished = {\url{https://repository.uinjkt.ac.id/dspace/handle/123456789/71176}},
  institution = {Universitas Islam Negeri Jakarta}
}

@article{8,
  author    = {K. F. D. Fahmi Putra and I. M. Suartana},
  title     = {Analisis Penerapan Manajemen Bandwidth pada Jaringan Software Defined Network},
  journal   = {JINACS},
  year      = {2022},
  url       = {https://ejournal.unesa.ac.id/index.php/jinacs/article/view/49023/40874}
}

@article{9,
  author    = {L. Tiara and H. Syaputra and W. Cholil and A. H. Mirza},
  title     = {GraphQL vs REST API: Studi Efisiensi dan Fleksibilitas},
  journal   = {Jurnal Nasional Ilmu Komputer},
  volume    = {2},
  number    = {3},
  pages     = {193--212},
  year      = {2021},
  doi       = {10.47747/jurnalnik.v2i3.533}
}

@article{10,
  author    = {V. Hosal and H. Angriani and A. Muawwal},
  title     = {Implementasi Software Testing dalam Quality Assurance pada Learning Management System Website Classes},
  journal   = {Jurnal Kharisma},
  volume    = {16},
  number    = {2},
  pages     = {156--168},
  year      = {2021}
}

@online{11,
  author    = {F. R. Anindita},
  title     = {Tutorial K6 API Load Test},
  year      = {2023},
  journal   = {Medium},
  url       = {https://fadhilara.medium.com/tutorial-k6-api-load-test-e44e9595076e}
}

@inproceedings{12,
  author    = {G. Brito and T. M. Valente},
  title     = {REST vs GraphQL: A Controlled Experiment},
  booktitle = {IEEE International Conference on Software Engineering (ICSE)},
  year      = {2020},
  doi       = {10.1109/ICSA47634.2020.00016}
}

@article{13,
  author    = {F. Hanif and I. Ahmad and D. Darwis and I. L. Putra and M. F. Ramadhani},
  title     = {Analisa Perbandingan Metode GraphQL API dan REST API dengan Menggunakan ASP.NET Core Web API Framework},
  journal   = {TeleforTech},
  volume    = {3},
  number    = {2},
  year      = {2022},
  doi       = {10.33365/tft.v3i2.2511}
}

@inproceedings{14,
  author    = {E. Lee and others},
  title     = {Performance Measurement of GraphQL API in Home ESS Data Server},
  booktitle = {IEEE Region 10 Conference (TENCON)},
  year      = {2020},
  doi       = {10.1109/ICTC49870.2020.9289569}
}

@article{15,
  author    = {A. Lawi and others},
  title     = {Evaluating GraphQL and REST API Services Performance in a Massive and Intensive Accessible Information System},
  journal   = {Computers},
  volume    = {10},
  number    = {11},
  year      = {2021},
  doi       = {10.3390/computers10110138}
}

@inproceedings{16,
  author    = {N. Vohra and I. B. K. Manuaba},
  title     = {Implementation of REST API vs GraphQL in Microservice Architecture},
  booktitle = {IEEE International Conference on Advances in Computing, Communication, and Materials (ICACCM)},
  year      = {2022},
  doi       = {10.1109/ICIMTech55957.2022.9915098}
}

@inproceedings{17,
  author    = {S. L. Vadlamani and others},
  title     = {Can GraphQL Replace REST? A Study of Their Efficiency and Viability},
  booktitle = {IEEE International Symposium on Empirical Software Engineering and Measurement (ESEM)},
  year      = {2022},
  doi       = {10.1109/SER-IP52554.2021.00009}
}
